<record><leader>00000cas a2200000 a 4500</leader><controlfield tag="001">2685433</controlfield><controlfield tag="008">770118d18851982aludr ne      0    0eng  </controlfield><datafield ind1=" " ind2=" " tag="010"><subfield code="a">sn 84020645 </subfield><subfield code="z">   76644900 </subfield></datafield><datafield ind1=" " ind2=" " tag="040"><subfield code="a">DLC</subfield><subfield code="b">eng</subfield><subfield code="c">DLC</subfield><subfield code="d">NSD</subfield><subfield code="d">DLC</subfield><subfield code="d">OCL</subfield><subfield code="d">CPN</subfield><subfield code="d">DLC</subfield><subfield code="d">CPN</subfield><subfield code="d">DLC</subfield><subfield code="d">KNP</subfield><subfield code="d">NLG</subfield><subfield code="d">KNP</subfield><subfield code="d">MGN</subfield><subfield code="d">CRL</subfield><subfield code="d">NVF</subfield><subfield code="d">NVK</subfield><subfield code="d">DLC</subfield><subfield code="d">FUG</subfield><subfield code="d">DLC</subfield><subfield code="d">CUI</subfield><subfield code="d">OCLCQ</subfield><subfield code="d">OCLCF</subfield></datafield><datafield ind1=" " ind2=" " tag="019"><subfield code="a">4046873</subfield><subfield code="a">4046956</subfield><subfield code="a">4047021</subfield></datafield><datafield ind1="1" ind2=" " tag="029"><subfield code="a">AU@</subfield><subfield code="b">000020451102</subfield></datafield><datafield ind1=" " ind2=" " tag="042"><subfield code="a">pcc</subfield></datafield><datafield ind1=" " ind2=" " tag="043"><subfield code="a">n-us-al</subfield></datafield><datafield ind1="0" ind2="0" tag="050"><subfield code="a">Newspaper 7003-X</subfield></datafield><datafield ind1=" " ind2="4" tag="050"><subfield code="a">AN</subfield></datafield><datafield ind1="0" ind2=" " tag="130"><subfield code="a">Montgomery advertiser (Montgomery, Ala. : Daily)</subfield></datafield><datafield ind1="1" ind2="4" tag="245"><subfield code="a">The Montgomery advertiser.</subfield></datafield><datafield ind1="3" ind2="0" tag="246"><subfield code="a">Saturday morning</subfield></datafield><datafield ind1="3" ind2="0" tag="246"><subfield code="a">Montgomery advertiser and Alabama journal</subfield></datafield><datafield ind1="3" ind2="0" tag="246"><subfield code="a">Montgomery advertiser/Alabama journal</subfield></datafield><datafield ind1="1" ind2="7" tag="246"><subfield code="a">Daily advertiser</subfield></datafield><datafield ind1=" " ind2=" " tag="260"><subfield code="a">Montgomery, Ala. :</subfield><subfield code="b">Screws, Cory &amp; Glass,</subfield><subfield code="c">1885-1982.</subfield></datafield><datafield ind1=" " ind2=" " tag="300"><subfield code="a">v. :</subfield><subfield code="b">ill.</subfield></datafield><datafield ind1=" " ind2=" " tag="310"><subfield code="a">Daily</subfield></datafield><datafield ind1=" " ind2=" " tag="321"><subfield code="a">Daily (except Monday),</subfield><subfield code="b">&lt;May 6, 1886-Oct. 28, 1888&gt;</subfield></datafield><datafield ind1="0" ind2=" " tag="362"><subfield code="a">New ser. v. 21, no. 24 (Aug. 16, 1885)-new ser. v. 35, no. 323 (July 19, 1900) ; v. 71, no. 168 (July 20, 1900)-155th year, no. 47 (Nov. 21, 1982).</subfield></datafield><datafield ind1=" " ind2=" " tag="500"><subfield code="a">On Saturday published as: Saturday morning, Apr. 2, 1977-Apr. 1, 1978; The Montgomery advertiser/Alabama journal, Apr. 8, 1978-Nov. 20, 1982.</subfield></datafield><datafield ind1=" " ind2=" " tag="500"><subfield code="a">On Sunday published as: Montgomery advertiser and Alabama journal, Dec. 1, 1940-Nov. 21, 1982.</subfield></datafield><datafield ind1=" " ind2=" " tag="500"><subfield code="a">Publisher varies: Advertiser Co., &lt;1887&gt;</subfield></datafield><datafield ind1=" " ind2=" " tag="515"><subfield code="a">Numbering is irregular.</subfield></datafield><datafield ind1=" " ind2=" " tag="515"><subfield code="a">Issues for Aug 16, 1885-July 19, 1899 called also Old ser. v. 54-v. 68.</subfield></datafield><datafield ind1=" " ind2=" " tag="530"><subfield code="a">Also issued on microfilm from the University of Alabama Library, and the Library of Congress, Photoduplication Services.</subfield></datafield><datafield ind1=" " ind2=" " tag="580"><subfield code="a">Weekly eds.: Montgomery weekly advertiser, and: Weekly advertiser (Montgomery, Ala.), and: Montgomery advertiser (Montgomery, Ala. : Weekly).</subfield></datafield><datafield ind1=" " ind2="0" tag="651"><subfield code="a">Montgomery (Ala.)</subfield><subfield code="v">Newspapers.</subfield></datafield><datafield ind1=" " ind2="0" tag="651"><subfield code="a">Montgomery County (Ala.)</subfield><subfield code="v">Newspapers.</subfield></datafield><datafield ind1=" " ind2="7" tag="655"><subfield code="a">Newspapers.</subfield><subfield code="2">fast</subfield><subfield code="0">(OCoLC)fst01423814</subfield></datafield><datafield ind1=" " ind2="7" tag="651"><subfield code="a">Alabama</subfield><subfield code="z">Montgomery.</subfield><subfield code="2">fast</subfield><subfield code="0">(OCoLC)fst01202689</subfield></datafield><datafield ind1=" " ind2="7" tag="651"><subfield code="a">Alabama</subfield><subfield code="z">Montgomery County.</subfield><subfield code="2">fast</subfield><subfield code="0">(OCoLC)fst01214111</subfield></datafield><datafield ind1=" " ind2=" " tag="752"><subfield code="a">United States</subfield><subfield code="b">Alabama</subfield><subfield code="c">Montgomery</subfield><subfield code="d">Montgomery.</subfield></datafield><datafield ind1="1" ind2=" " tag="775"><subfield code="t">Montgomery weekly advertiser</subfield><subfield code="w">(DLC)sn 84023567</subfield><subfield code="w">(OCoLC)11033694</subfield></datafield><datafield ind1="1" ind2=" " tag="775"><subfield code="t">Weekly advertiser (Montgomery, Ala.)</subfield><subfield code="w">(DLC)sn 86050479</subfield><subfield code="w">(OCoLC)15024078</subfield></datafield><datafield ind1="1" ind2=" " tag="775"><subfield code="t">Montgomery advertiser (Montgomery, Ala. : Weekly)</subfield><subfield code="w">(DLC)sn 86050480</subfield><subfield code="w">(OCoLC)15024198</subfield></datafield><datafield ind1="1" ind2=" " tag="776"><subfield code="c">(Microfilm)</subfield><subfield code="d">Library of Congress</subfield><subfield code="w">(DLC)  2001229023</subfield><subfield code="w">(OCoLC)45959003</subfield></datafield><datafield ind1="0" ind2="0" tag="780"><subfield code="t">Montgomery daily advertiser (Montgomery, Ala. : 1858)</subfield><subfield code="w">(DLC)sn 84023549</subfield><subfield code="w">(OCoLC)10896753</subfield></datafield><datafield ind1="0" ind2="0" tag="785"><subfield code="t">Advertiser (Montgomery, Ala.)</subfield><subfield code="w">(DLC)sn 82008412</subfield><subfield code="w">(OCoLC)9049482</subfield></datafield></record>